@article{savage_2020_your,
  author = {Savage, Neil},
  month = {06},
  pages = {15-16},
  title = {Your wish is my CMD},
  doi = {10.1145/3398392},
  urldate = {2021-10-11},
  volume = {63},
  year = {2020},
  journal = {Communications of the ACM}
}

@misc{sebastian_2021_the,
  author = {Sebastian, Linus and Lafreniere, Luke},
  month = {07},
  title = {The Most Exciting Gaming PC in YEARS - WAN Show July 16, 2021},
  url = {https://www.youtube.com/watch?v=60NGxX7m1Mw&t=2308s},
  urldate = {2021-11-29},
  year = {2021},
  organization = {The Most Exciting Gaming PC in YEARS - WAN Show July 16, 2021 - Youtube}
}

@misc{github_2021_github,
  author = {Github},
  month = {06},
  title = {GitHub Copilot Â· Your AI pair programmer},
  url = {https://copilot.github.com/},
  urldate = {2021-11-29},
  year = {2021},
  organization = {GitHub Copilot}
}

@misc{friedman_2021_introducing,
  author = {Friedman, Nat},
  month = {06},
  title = {Introducing GitHub Copilot: your AI pair programmer},
  url = {https://github.blog/2021-06-29-introducing-github-copilot-ai-pair-programmer/},
  year = {2021},
  organization = {The GitHub Blog}
}

@misc{cloudangerhttpsstackoverflowcomusers353004cloudanger_2019_inserting,
  author = {Cloudanger},
  month = {03},
  publisher = {StackOverflow},
  title = {Inserting code in this LaTeX document with indentation},
  url = {https://stackoverflow.com/a/3175141/10442089},
  urldate = {2021-12-03},
  year = {2019},
  organization = {Inserting code in this LaTeX document with indentation - Stack Overflow}
}